@article{Gilbert1988,
author = {Gilbert, John and Peierls, Tim},
year = {1988},
month = {09},
pages = {},
title = {Sparse Partial Pivoting in Time Proportional to Arithmetic Operations},
volume = {9},
journal = {Siam Journal on Scientific and Statistical Computing},
doi = {10.1137/0909058}
}

@article{Reid1971,
author = {Reid, John},
year = {1971},
month = {12},
pages = {},
title = {A Note on the Stability of Gaussian Elimination},
volume = {8},
journal = {IMA Journal of Applied Mathematics},
doi = {10.1093/imamat/8.3.374}
}

@article{Foster1997,
author = {Foster, Leslie},
year = {1997},
month = {11},
pages = {177-194},
title = {The growth factor and efficiency of Gaussian elimination with rook pivoting},
volume = {98},
journal = {Journal of Computational and Applied Mathematics},
doi = {10.1016/S0377-0427(97)00154-4}
}

@article{Wilkinson1961,
author = {Wilkinson, James},
year = {1961},
month = {07},
pages = {281-330},
title = {Error Analysis of Direct Methods of Matrix Inversion},
volume = {8},
journal = {J. ACM},
doi = {10.1145/321075.321076}
}

@article{Ruiz2014,
author = {Ruiz, Daniel and UÃ§ar, Bora},
year = {2014},
month = {07},
pages = {},
title = {A Symmetry Preserving Algorithm for Matrix Scaling},
volume = {35},
journal = {SIAM Journal on Matrix Analysis and Applications},
doi = {10.1137/110825753}
}